@article{mogul1997eliminating,
  title={Eliminating receive livelock in an interrupt-driven kernel},
  author={Mogul, Jeffrey C and Ramakrishnan, KK},
  journal={ACM Transactions on Computer Systems},
  volume={15},
  number={3},
  pages={217--252},
  year={1997}
}